@article{bungartzPlugandplayCouplingApproach2015,
  title = {A Plug-and-Play Coupling Approach for Parallel Multi-Field Simulations},
  author = {Bungartz, Hans-Joachim and Lindner, Florian and Mehl, Miriam and Uekermann, Benjamin},
  date = {2015},
  journaltitle = {Computational Mechanics},
  shortjournal = {Comput Mech},
  volume = {55},
  pages = {1119--1129},
  issn = {1432-0924},
  doi = {10.1007/s00466-014-1113-2},
  langid = {english},
  keywords = {coupling,preCICE}
}

@article{bungartzPreCICEFullyParallel2016,
  title = {{{preCICE}} – {{A}} Fully Parallel Library for Multi-Physics Surface Coupling},
  author = {Bungartz, Hans-Joachim and Lindner, Florian and Gatzhammer, Bernhard and Mehl, Miriam and Scheufele, Klaudius and Shukaev, Alexander and Uekermann, Benjamin},
  date = {2016-12},
  journaltitle = {Computers \& Fluids},
  shortjournal = {Computers \& Fluids},
  volume = {141},
  pages = {250--258},
  issn = {00457930},
  doi = {10.1016/j.compfluid.2016.04.003},
  urldate = {2022-07-01},
  langid = {english},
  keywords = {coupling,preCICE}
}

@article{chourdakisPreCICEV2Sustainable2022,
  title = {{{preCICE}} v2: {{A}} Sustainable and User-Friendly Coupling Library},
  shorttitle = {{{preCICE}} V2},
  author = {Chourdakis, Gerasimos and Davis, Kyle and Rodenberg, Benjamin and Schulte, Miriam and Simonis, Frédéric and Uekermann, Benjamin and Abrams, Georg and Bungartz, Hans-Joachim and Cheung Yau, Lucia and Desai, Ishaan and Eder, Konrad and Hertrich, Richard and Lindner, Florian and Rusch, Alexander and Sashko, Dmytro and Schneider, David and Totounferoush, Amin and Volland, Dominik and Vollmer, Peter and Koseomur, Oguz Ziya},
  date = {2022-04-29},
  journaltitle = {Open Research Europe},
  shortjournal = {Open Res Europe},
  volume = {2},
  pages = {51},
  issn = {2732-5121},
  doi = {10.12688/openreseurope.14445.1},
  urldate = {2022-07-06},
  langid = {english},
  keywords = {coupling,preCICE}
}

@article{costerBuildingTurbulencetransportWorkflow2021,
  title = {Building a Turbulence-Transport Workflow Incorporating Uncertainty Quantification for Predicting Core Profiles in a Tokamak Plasma},
  author = {Coster, D.P. and Fischer, R. and Hoenen, O. and Lakhlili, J. and Luk, O.O. and Preuss, R. and Scott, B.D. and family=Toussaint, given=U., prefix=von, useprefix=true and {the ASDEX Upgrade Team}},
  date = {2021-12-01},
  journaltitle = {Nuclear Fusion},
  shortjournal = {Nucl. Fusion},
  volume = {61},
  number = {12},
  pages = {126068},
  issn = {0029-5515, 1741-4326},
  doi = {10.1088/1741-4326/ac359f},
  urldate = {2023-04-17}
}

@article{costerEuropeanTransportSolver2010,
  title = {The {{European Transport Solver}}},
  author = {Coster, David P. and Basiuk, Vincent and Pereverzev, Grigori and Kalupin, Denis and Zagórksi, Roman and Stankiewicz, Roman and Huynh, Philippe and Imbeaux, Frédéric and Modelling, Members of the Task Force on Integrated Tokamak},
  date = {2010-09},
  journaltitle = {IEEE Transactions on Plasma Science},
  volume = {38},
  number = {9},
  pages = {2085--2092},
  issn = {1939-9375},
  doi = {10.1109/TPS.2010.2056707},
  keywords = {Data structures,Electrons,Engines,Equations,Physics,Plasma simulation,Plasma temperature,Plasma transport processes,Testing,Tokamaks}
}

@inproceedings{davisBeneshProgrammingModel2020,
  title = {Benesh: A {{Programming Model}} for {{Coupled Scientific Workflows}}},
  shorttitle = {Benesh},
  booktitle = {2020 {{IEEE}}/{{ACM Fifth International Workshop}} on {{Extreme Scale Programming Models}} and {{Middleware}} ({{ESPM2}})},
  author = {Davis, Philip E. and Subedi, Pradeep and Duan, Shaohua and Ricketson, Lee and Hittinger, Jeffrey A.F. and Parashar, Manish},
  date = {2020-11},
  pages = {1--9},
  publisher = {{IEEE}},
  location = {{GA, USA}},
  doi = {10.1109/ESPM251964.2020.00008},
  urldate = {2022-03-19},
  eventtitle = {2020 {{IEEE}}/{{ACM Fifth International Workshop}} on {{Extreme Scale Programming Models}} and {{Middleware}} ({{ESPM2}})},
  isbn = {978-1-66542-284-0},
  langid = {english},
  keywords = {benesh,Fusion,WDMApp}
}

@article{deparisFluidStructureAlgorithms2006,
  title = {Fluid–Structure Algorithms Based on {{Steklov}}–{{Poincaré}} Operators},
  author = {Deparis, Simone and Discacciati, Marco and Fourestey, Gilles and Quarteroni, Alfio},
  date = {2006-08},
  journaltitle = {Computer Methods in Applied Mechanics and Engineering},
  shortjournal = {Computer Methods in Applied Mechanics and Engineering},
  volume = {195},
  number = {41-43},
  pages = {5797--5812},
  issn = {00457825},
  doi = {10.1016/j.cma.2005.09.029},
  urldate = {2023-03-06},
  langid = {english}
}

@inproceedings{docanDataSpacesInteractionCoordination2010,
  title = {{{DataSpaces}}: An Interaction and Coordination Framework for Coupled Simulation Workflows},
  shorttitle = {{{DataSpaces}}},
  booktitle = {Proceedings of the 19th {{ACM International Symposium}} on {{High Performance Distributed Computing}}},
  author = {Docan, Ciprian and Parashar, Manish and Klasky, Scott},
  date = {2010-06-21},
  pages = {25--36},
  publisher = {{ACM}},
  location = {{Chicago Illinois}},
  doi = {10.1145/1851476.1851481},
  urldate = {2023-04-17},
  eventtitle = {{{HPDC}} '10: {{The}} 19th {{International Symposium}} on {{High Performance Distributed Computing}}},
  isbn = {978-1-60558-942-8},
  langid = {english}
}

@report{foleyIntegratedPlasmaSimulator2011,
  title = {The {{Integrated Plasma Simulator}}: {{A Flexible Python Framework}} for {{Coupled Multiphysics Simulation}}},
  shorttitle = {The {{Integrated Plasma Simulator}}},
  author = {Foley, Samantha S and Elwasif, Wael R and Bernholdt, David E},
  date = {2011-11-01},
  number = {ORNL/TM-2012/57, 1034707},
  pages = {ORNL/TM-2012/57, 1034707},
  doi = {10.2172/1034707},
  urldate = {2023-04-17},
  langid = {english}
}

@article{garciaINGRIDInteractiveGrid2022,
  title = {{{INGRID}}: {{An}} Interactive Grid Generator for {{2D}} Edge Plasma Modeling},
  shorttitle = {{{INGRID}}},
  author = {Garcia, B.M. and Umansky, M.V. and Watkins, J. and Guterl, J. and Izacard, O.},
  date = {2022-06},
  journaltitle = {Computer Physics Communications},
  shortjournal = {Computer Physics Communications},
  volume = {275},
  pages = {108316},
  issn = {00104655},
  doi = {10.1016/j.cpc.2022.108316},
  urldate = {2023-03-07},
  langid = {english}
}

@article{gastonMOOSEParallelComputational2009,
  title = {{{MOOSE}}: A Parallel Computational Framework for Coupled Systems of Nonlinear Equations},
  author = {Gaston, Derek and Newman, Chris and Hansen, Glen and Lebrun-Grandie, Damien},
  date = {2009},
  journaltitle = {Nuclear Engineering and Design},
  volume = {239},
  number = {10},
  pages = {1768--1778}
}

@online{HttpsWwwOsti,
  title = {{{https://www.osti.gov/servlets/purl/1888360\#page128}}},
  url = {https://www.osti.gov/servlets/purl/1888360#page128},
  urldate = {2023-03-04}
}

@article{jiaoCommonrefinementbasedDataTransfer2004,
  title = {Common-Refinement-Based Data Transfer between Non-Matching Meshes in Multiphysics Simulations},
  author = {Jiao, Xiangmin and Heath, Michael T.},
  date = {2004-12-14},
  journaltitle = {International Journal for Numerical Methods in Engineering},
  shortjournal = {Int. J. Numer. Meth. Engng.},
  volume = {61},
  number = {14},
  pages = {2402--2427},
  issn = {0029-5981, 1097-0207},
  doi = {10.1002/nme.1147},
  urldate = {2022-03-19},
  langid = {english},
  keywords = {Fusion,WDMApp}
}

@article{joppichMpCCIToolSimulation2006,
  title = {{{MpCCI}}—a Tool for the Simulation of Coupled Applications},
  author = {Joppich, W. and Kürschner, M.},
  date = {2006},
  journaltitle = {Concurrency and Computation: Practice and Experience},
  volume = {18},
  number = {2},
  pages = {183--192},
  issn = {1532-0634},
  doi = {10.1002/cpe.913},
  urldate = {2022-07-01},
  langid = {english},
  keywords = {coupling,MpCCI}
}

@article{kalupinNumericalAnalysisJET2013,
  title = {Numerical Analysis of {{JET}} Discharges with the {{European Transport Simulator}}},
  author = {Kalupin, D. and Ivanova-Stanik, I. and Voitsekhovitch, I. and Ferreira, J. and Coster, D. and Alves, L.L. and family=Aniel, given=Th., given-i={{Th}} and Artaud, J.F and Basiuk, V. and Bizarro, João P.S. and Coelho, R. and Czarnecka, A. and family=Huynh, given=Ph., given-i={{Ph}} and Figueiredo, A. and Garcia, J. and Garzotti, L. and Imbeaux, F. and Köchl, F. and Nave, M.F. and Pereverzev, G. and Sauter, O. and Scott, B.D. and Stankiewicz, R. and Strand, P. and {ITM-TF contributors} and {JET-EFDA Contributors}},
  date = {2013-12-01},
  journaltitle = {Nuclear Fusion},
  shortjournal = {Nucl. Fusion},
  volume = {53},
  number = {12},
  pages = {123007},
  issn = {0029-5515, 1741-4326},
  doi = {10.1088/0029-5515/53/12/123007},
  urldate = {2023-04-17},
  langid = {english}
}

@article{keyesMultiphysicsSimulationsChallenges2013a,
  title = {Multiphysics Simulations: {{Challenges}} and Opportunities},
  shorttitle = {Multiphysics Simulations},
  author = {Keyes, David E and McInnes, Lois C and Woodward, Carol and Gropp, William and Myra, Eric and Pernice, Michael and Bell, John and Brown, Jed and Clo, Alain and Connors, Jeffrey and Constantinescu, Emil and Estep, Don and Evans, Kate and Farhat, Charbel and Hakim, Ammar and Hammond, Glenn and Hansen, Glen and Hill, Judith and Isaac, Tobin and Jiao, Xiangmin and Jordan, Kirk and Kaushik, Dinesh and Kaxiras, Efthimios and Koniges, Alice and Lee, Kihwan and Lott, Aaron and Lu, Qiming and Magerlein, John and Maxwell, Reed and McCourt, Michael and Mehl, Miriam and Pawlowski, Roger and Randles, Amanda P and Reynolds, Daniel and Rivière, Beatrice and Rüde, Ulrich and Scheibe, Tim and Shadid, John and Sheehan, Brendan and Shephard, Mark and Siegel, Andrew and Smith, Barry and Tang, Xianzhu and Wilson, Cian and Wohlmuth, Barbara},
  date = {2013-02},
  journaltitle = {The International Journal of High Performance Computing Applications},
  shortjournal = {The International Journal of High Performance Computing Applications},
  volume = {27},
  number = {1},
  pages = {4--83},
  issn = {1094-3420, 1741-2846},
  doi = {10.1177/1094342012468181},
  urldate = {2023-03-06},
  langid = {english}
}

@article{mehlParallelCouplingNumerics2016,
  title = {Parallel Coupling Numerics for Partitioned Fluid–Structure Interaction Simulations},
  author = {Mehl, Miriam and Uekermann, Benjamin and Bijl, Hester and Blom, David and Gatzhammer, Bernhard and family=Zuijlen, given=Alexander, prefix=van, useprefix=true},
  date = {2016-02},
  journaltitle = {Computers \& Mathematics with Applications},
  shortjournal = {Computers \& Mathematics with Applications},
  volume = {71},
  number = {4},
  pages = {869--891},
  issn = {08981221},
  doi = {10.1016/j.camwa.2015.12.025},
  urldate = {2023-03-06},
  langid = {english}
}

@article{meneghiniIntegratedModelingApplications2015,
  title = {Integrated Modeling Applications for Tokamak Experiments with {{OMFIT}}},
  author = {Meneghini, O. and Smith, S.P. and Lao, L.L. and Izacard, O. and Ren, Q. and Park, J.M. and Candy, J. and Wang, Z. and Luna, C.J. and Izzo, V.A. and Grierson, B.A. and Snyder, P.B. and Holland, C. and Penna, J. and Lu, G. and Raum, P. and McCubbin, A. and Orlov, D.M. and Belli, E.A. and Ferraro, N.M. and Prater, R. and Osborne, T.H. and Turnbull, A.D. and Staebler, G.M.},
  date = {2015-08-01},
  journaltitle = {Nuclear Fusion},
  shortjournal = {Nucl. Fusion},
  volume = {55},
  number = {8},
  pages = {083008},
  issn = {0029-5515, 1741-4326},
  doi = {10.1088/0029-5515/55/8/083008},
  urldate = {2023-04-17},
  langid = {english}
}

@article{plimpton2021,
  title = {Rendezvous Algorithms for Large-Scale Modeling and Simulation},
  author = {Plimpton, Steven J. and Knight, Christopher},
  date = {2021},
  journaltitle = {Journal of Parallel and Distributed Computing},
  volume = {147},
  pages = {184--195},
  issn = {0743-7315},
  doi = {10.1016/j.jpdc.2020.09.001},
  keywords = {MapReduce,Modeling and simulation,Parallel communication,Rendezvous algorithms}
}

@inproceedings{rettenberger14,
  title = {Optimizing {{CAD}} and Mesh Generation Workflow for {{SeisSol}}},
  author = {Sebastian Rettenberger, C.W. Smith, Christian Pelties},
  date = {2014-11-16},
  publisher = {{American Nuclear Society}},
  location = {{New Orleans, LA}},
  eventtitle = {{{SC}} '14: {{Proceedings}} of the International Conference for High Performance Computing, Networking, Storage and Analysis}
}

@article{romanelli2020code,
  title = {Code Integration, Data Verification, and Models Validation Using the {{ITER}} Integrated Modeling and Analysis System ({{IMAS}}) in {{EUROfusion}}},
  author = {Romanelli, M and Coelho, R and Coster, D and Ferreira, J and Fleury, L and Henderson, S and Hollocombe, J and Imbeaux, F and Jonsson, Tomas and Kogan, L and others},
  date = {2020},
  journaltitle = {Fusion Science and Technology},
  volume = {76},
  number = {8},
  pages = {894--900},
  publisher = {{Taylor \& Francis}}
}

@article{schmidtApproachCoupledcodeMultiphysics2015,
  title = {An Approach for Coupled-Code Multiphysics Core Simulations from a Common Input},
  author = {Schmidt, Rodney and Belcourt, Kenneth and Hooper, Russell and Pawlowski, Roger and Clarno, Kevin and Simunovic, Srdjan and Slattery, Stuart and Turner, John and Palmtag, Scott},
  date = {2015-10},
  journaltitle = {Annals of Nuclear Energy},
  shortjournal = {Annals of Nuclear Energy},
  volume = {84},
  pages = {140--152},
  issn = {03064549},
  doi = {10.1016/j.anucene.2014.11.015},
  urldate = {2022-07-07},
  langid = {english},
  keywords = {coupling,DTK}
}

@article{shukaevFullyParallelProcesstoProcess,
  title = {A {{Fully Parallel Process-to-Process Intercommunication Technique}} for {{preCICE}}},
  author = {Shukaev, Alexander K},
  pages = {81},
  langid = {english},
  keywords = {coupling,preCICE}
}

@article{Slattery2022,
  title = {Cabana: {{A}} Performance Portable Library for Particle-Based Simulations},
  author = {Slattery, Stuart and Reeve, Samuel Temple and Junghans, Christoph and Lebrun-Grandié, Damien and Bird, Robert and Chen, Guangye and Fogerty, Shane and Qiu, Yuxing and Schulz, Stephan and Scheinberg, Aaron and Isner, Austin and Chong, Kwitae and Moore, Stan and Germann, Timothy and Belak, James and Mniszewski, Susan},
  date = {2022},
  journaltitle = {Journal of Open Source Software},
  volume = {7},
  number = {72},
  pages = {4115},
  publisher = {{The Open Journal}},
  doi = {10.21105/joss.04115}
}

@inproceedings{slatteryDataTransferKit2013,
  title = {The {{Data Transfer Kit}}: {{A Geometric Rendezvous-Based Tool}} for {{Multiphysics Data Transfer}}},
  author = {Slattery, S R and Wilson, P P H and Pawlowski, R P},
  date = {2013-05-05/2013-05-09},
  pages = {11},
  publisher = {{American Nuclear Society}},
  location = {{Sun Valley, ID}},
  eventtitle = {International {{Conference}} on {{Mathematics}} and {{Computational Methods Applied}} to {{Nuclear Science}} \& {{Engineering}} ({{M}}\&{{C}} 2013)},
  langid = {english},
  keywords = {coupling,DTK}
}

@article{slatteryMeshfreeDataTransfer2016,
  title = {Mesh-Free Data Transfer Algorithms for Partitioned Multiphysics Problems: {{Conservation}}, Accuracy, and Parallelism},
  shorttitle = {Mesh-Free Data Transfer Algorithms for Partitioned Multiphysics Problems},
  author = {Slattery, Stuart R.},
  date = {2016-02},
  journaltitle = {Journal of Computational Physics},
  shortjournal = {Journal of Computational Physics},
  volume = {307},
  pages = {164--188},
  issn = {00219991},
  doi = {10.1016/j.jcp.2015.11.055},
  urldate = {2022-07-07},
  langid = {english},
  keywords = {coupling,DTK}
}

@misc{ThesisAbstract,
  title = {Thesis Abstract}
}

@thesis{tobinAdaptiveMultiscaleSimulation2018,
  type = {phdthesis},
  title = {The Adaptive Multiscale Simulation Infrastructure},
  author = {Tobin, William Reading},
  date = {2018},
  institution = {{Rensselaer Polytechn. Inst.}},
  location = {{Troy, NY USA}},
  note = {Dept. Comput. Sci.}
}

@incollection{wolfMpCCINeutralInterfaces2017,
  title = {{{MpCCI}}: {{Neutral Interfaces}} for {{Multiphysics Simulations}}},
  shorttitle = {{{MpCCI}}},
  booktitle = {Scientific {{Computing}} and {{Algorithms}} in {{Industrial Simulations}}: {{Projects}} and {{Products}} of {{Fraunhofer SCAI}}},
  author = {Wolf, Klaus and Bayrasy, Pascal and Brodbeck, Carsten and Kalmykov, Ilja and Oeckerath, André and Wirth, Nadja},
  editor = {Griebel, Michael and Schüller, Anton and Schweitzer, Marc Alexander},
  date = {2017},
  pages = {135--151},
  publisher = {{Springer International Publishing}},
  location = {{Cham}},
  doi = {10.1007/978-3-319-62458-7_7},
  urldate = {2023-04-17},
  isbn = {978-3-319-62458-7},
  langid = {english}
}

@article{wongResidualDistributionFinite2012,
  title = {Residual Distribution Finite Element Method for Convection-Dominated Problems},
  author = {Wong, Joseph S.H. and Jansen, Kenneth E.},
  date = {2012-10},
  journaltitle = {Computer Methods in Applied Mechanics and Engineering},
  shortjournal = {Computer Methods in Applied Mechanics and Engineering},
  volume = {245--246},
  pages = {232--242},
  issn = {00457825},
  doi = {10.1016/j.cma.2012.05.005},
  urldate = {2023-03-07},
  langid = {english}
}
